<?xml version="1.0" encoding="UTF-8"?><collection xmlns="http://www.loc.gov/MARC21/slim"><record><leader>00528nam--2200193-u-4500</leader><controlfield tag="001">000053991</controlfield><controlfield tag="002">20161230</controlfield><controlfield tag="005">20161230201051</controlfield><controlfield tag="008">110727s1000------------r-----000-0-rus-d</controlfield><datafield ind1=" " ind2=" " tag="040"><subfield code="a">IFIN-HH</subfield></datafield><datafield ind1=" " ind2=" " tag="041"><subfield code="a">rus</subfield></datafield><datafield ind1=" " ind2=" " tag="080"><subfield code="a">621.315.592</subfield></datafield><datafield ind1="1" ind2=" " tag="100"><subfield code="a">Jilici, A.G</subfield></datafield><datafield ind1="1" ind2="0" tag="245"><subfield code="a">Magnito- i elektropoglosenie sveta v poluprovodnikah</subfield><subfield code="c">A.g. jilici, b.s. monozon</subfield></datafield><datafield ind1=" " ind2=" " tag="260"><subfield code="a">Leningrad</subfield><subfield code="b">Leningradskogo Universiteta</subfield><subfield code="c">1984</subfield></datafield><datafield ind1=" " ind2=" " tag="300"><subfield code="a">203P</subfield></datafield><datafield ind1="1" ind2=" " tag="700"><subfield code="a">Monozon, B.S</subfield></datafield><datafield ind1=" " ind2=" " tag="852"><subfield code="a">72557</subfield><subfield code="c">537.311.33</subfield></datafield><datafield ind1=" " ind2=" " tag="CAT"><subfield code="a">Sys</subfield><subfield code="c">20110727</subfield><subfield code="h">155453</subfield></datafield></record></collection>